@online{WhyWeCreatedJulia,
  author 	= {Bezanson, Jeff and
  				Karpinski, Stefan and
  				Shah, Viral and
  				Edelman, Alan},
  title = {Why We Created Julia},
  year = 2012,
  url = {https://julialang.org/blog/2012/02/why-we-created-julia},
  urldate = {2012-02-14}
}